@article{article,
author = {Shahbahrami, Asadollah and Bahrampour, Ramin and Sabbaghi Rostami, Mobin and Ayoubi Mobarhan, Mostafa},
year = {2011},
month = {08},
pages = {},
title = {Evaluation of Huffman and Arithmetic Algorithms for Multimedia
Compression Standards},
volume = {1},
journal = {International Journal of Computer Science, Engineering and Applications (IJCSEA)},
doi = {10.5121/ijcsea.2011.1404}
}